
@article{tidyverse,
	title = {Welcome to the {\textbraceleft}tidyverse{\textbraceright}},
	author = {Wickham, Hadley and Averick, Mara and Bryan, Jennifer and Chang, Winston and McGowan, {Lucy D'Agostino} and {François}, Romain and Grolemund, Garrett and Hayes, Alex and Henry, Lionel and Hester, Jim and Kuhn, Max and Pedersen, Thomas Lin and Miller, Evan and Bache, Stephan Milton and {Müller}, Kirill and Ooms, Jeroen and Robinson, David and Seidel, Dana Paige and Spinu, Vitalie and Takahashi, Kohske and Vaughan, Davis and Wilke, Claus and Woo, Kara and Yutani, Hiroaki},
	year = {2019},
	date = {2019},
	pages = {1686},
	volume = {4},
	doi = {10.21105/joss.01686}
}

@article{tidytext,
	title = {tidytext: Text Mining and Analysis Using Tidy Data Principles in R},
	author = {Silge, Julia and Robinson, David},
	year = {2016},
	date = {2016},
	volume = {1},
	doi = {10.21105/joss.00037},
	url = {http://dx.doi.org/10.21105/joss.00037}
}

@article{RISmed,
	title = {RISmed: Download Content from NCBI Databases},
	author = {Kovalchik, Stephanie},
	year = {2021},
	date = {2021},
	url = {https://CRAN.R-project.org/package=RISmed}
}

@article{litsearchr,
	title = {An automated approach to identifying search terms for systematic reviews using keyword co-occurrence networks},
	author = {Grames, Eliza M. and Stillman, Andrew N. and Tingley, Morgan W. and Elphick, Chris S.},
	year = {2019},
	date = {2019},
	pages = {1645--1654},
	volume = {10},
	doi = {10.1111/2041-210X.13268}
}

@article{remotes,
	title = {remotes: R Package Installation from Remote Repositories, Including
'GitHub'},
	author = {{Csárdi}, {Gábor} and Hester, Jim and Wickham, Hadley and Chang, Winston and Morgan, Martin and Tenenbaum, Dan},
	year = {2023},
	date = {2023},
	url = {https://CRAN.R-project.org/package=remotes}
}

@article{igraph,
	title = {The igraph software package for complex network research},
	author = {Csardi, Gabor and Nepusz, Tamas},
	year = {2006},
	date = {2006},
	pages = {1695},
	volume = {Complex Systems},
	url = {https://igraph.org}
}

@article{ggraph,
	title = {ggraph: An Implementation of Grammar of Graphics for Graphs and Networks},
	author = {Pedersen, Thomas Lin},
	year = {2022},
	date = {2022},
	url = {https://CRAN.R-project.org/package=ggraph}
}

@article{lubridate,
	title = {Dates and Times Made Easy with {\textbraceleft}lubridate{\textbraceright}},
	author = {Grolemund, Garrett and Wickham, Hadley},
	year = {2011},
	date = {2011},
	volume = {40},
	url = {https://www.jstatsoft.org/v40/i03/}
}

@article{topicmodels,
	title = {{\textbraceleft}topicmodels{\textbraceright}: An {\textbraceleft}R{\textbraceright} Package for Fitting Topic Models},
	author = {{Grun}, Bettina and Hornik, Kurt},
	year = {2011},
	date = {2011},
	volume = {40},
	doi = {10.18637/jss.v040.i13}
}
